<?xml version="1.0" encoding="UTF-8"?><collection xmlns="http://www.loc.gov/MARC21/slim"><record><leader>00425nam--2200145-i-4500</leader><controlfield tag="001">000046972</controlfield><controlfield tag="002">20161230</controlfield><controlfield tag="005">20161230201046</controlfield><controlfield tag="008">060222s1000------------r-----000-0-eng-d</controlfield><datafield ind1=" " ind2=" " tag="080"><subfield code="a">538.975:620.179.1</subfield></datafield><datafield ind1=" " ind2=" " tag="100"><subfield code="a">Ward, L</subfield></datafield><datafield ind1=" " ind2=" " tag="245"><subfield code="a">The optical constants of bulk materials and films. second edition</subfield></datafield><datafield ind1=" " ind2=" " tag="260"><subfield code="a">Bristol, Inst.Of Physics Publ., 1994, Xvii+293p</subfield></datafield><datafield ind1=" " ind2=" " tag="490"><subfield code="a">Optics And Optoelectronics Series</subfield></datafield><datafield ind1=" " ind2=" " tag="852"><subfield code="a">80411</subfield></datafield></record></collection>